% El 2 de Adela ADEla
@article{von2004design,
  title={Design science in information systems research},
  author={Von Alan, R Hevner and March, Salvatore T and Park, Jinsoo and Ram, Sudha},
  journal={MIS quarterly},
  volume={28},
  number={1},
  pages={75--105},
  year={2004},
  publisher={Springer}
}

% El 3 de Adela
@article{gregor2013positioning,
  title={Positioning and presenting design science research for maximum impact.},
  author={Gregor, Shirley and Hevner, Alan R},
  journal={MIS quarterly},
  volume={37},
  number={2},
  year={2013}
}

% El 6 de Adela
@article{Vaishnavi,
  title={Design research in information systems},
  author={Vaishnavi, Vijay and Kuechler, William},
  year={2004}
}

% Citado por Oscar Diaz
@book{johannesson2014introduction,
  title={An introduction to design science},
  author={Johannesson, Paul and Perjons, Erik},
  year={2014},
  publisher={Springer}
}
% ------------------------------------------------------
% File    : cruz.bib
% Content : Bibliography for  
% Date    : Julio-2016
% Version : 1.0
% Authors : MCruz, B. Bernárdez
% ------------------------------------------------------
%Wikipedia
@misc{ wiki:Mind,
    author = "{Wikipedia contributors}",
    title = "MindMeister --- {Wikipedia}{,} The Free Encyclopedia",
    year = "2018",
    url = "https://en.wikipedia.org/w/index.php?title=MindMeister&oldid=863188209",
    note = "[Online; accessed 22-October-2018]"
  }


%SWEBOK
@book{abran2004guide,
  title={Guide to the software engineering body of knowledge: 2004 version SWEBOK},
  author={Abran, Alain and Moore, James W and Bourque, Pierre and Dupuis, Robert and Tripp, Leonard L},
  year={2004},
  publisher={IEEE Computer Society}
}

@phdthesis{1330459,
  author       = {Almqvist, Johan Per Fredrik},
  title        = {Replication of Controlled Experiments in Empirical Software Engineering - A Survey},
  school         = {Master’s thesis, Department of Computer Science, Faculty of Science, Lund University, Sweden}, 
  year         = {2006},
}


@article{apa2014effectiveness,
  title={Effectiveness for detecting faults within and outside the scope of testing techniques: an independent replication},
  author={Apa, Cecilia and Dieste, Oscar and others},
  journal={Empirical Software Engineering},
  volume={19},
  number={2},
  pages={378--417},
  year={2014},
  publisher={Springer}
}

@phdthesis{aranda2016estudio,
  title={Estudio emp{\'\i}rico de la influencia de la experiencia y del conocimiento del dominio del analista en la efectividad de la educci{\'o}n de requisitos},
  author={Aranda L{\'o}pez King, Alejandrina},
  year={2016},
  school={Universidad Polit{\'e}cnica de Madrid}
}

@inproceedings{Baldassarre,
 author = {Baldassarre, Maria Teresa and Carver, Jeffrey and Dieste, Oscar and Juristo, Natalia},
 title = {Replication Types: Towards a Shared Taxonomy},
 booktitle = {Proceedings of EASE},
 series1 = {EASE '14},
 year = {2014},
 isbn = {978-1-4503-2476-2},
 location = {London, England, United Kingdom},
 pages = {18:1--18:4},
 articleno = {18},
 numpages = {4},
 url = {http://doi.acm.org/10.1145/2601248.2601299},
 doi = {10.1145/2601248.2601299},
 acmid = {2601299},
 publisher1 = {ACM},
 address1 = {New York, NY, USA},
 keywords = {empirical software engineering, replications, survey, taxonomies},
}

@article{basili1986experimentation,
  title={Experimentation in software engineering},
  author={Basili, Victor R and Selby, Richard W and Hutchens, David H},
  journal={IEEE Transactions on software engineering},
  number={7},
  pages={733--743},
  year={1986},
  publisher={IEEE}
}

@article{basili1987comparing, 
  title={Comparing the effectiveness of software testing strategies},
  author={Basili, Victor R and Selby, Richard W},
  journal={Software Engineering, IEEE Transactions on},
  number={12},
  pages={1278--1296},
  year={1987},
  publisher={IEEE}
}

@article{Basili1994,
  title={Goal Question Metrics paradigm},
  author={Basili, Victor R and Caldiera, Gianluigi and Rombach, H Dieter},
  journal={Encyclopedia of Software Engineering},
  pages={528--53},
  year={1994},
  publisher={Wiley}
}

@article{basili1996empirical,
  title={The empirical investigation of perspective-based reading},
  author={Basili, Victor R and Green, Scott and Laitenberger, Oliver and Lanubile, Filippo and Shull, Forrest and S{\o}rumg{\aa}rd, Sivert and Zelkowitz, Marvin V},
  journal={Empirical Software Engineering},
  volume={1},
  number={2},
  pages={133--164},
  year={1996},
  publisher={Springer}
}

@inproceedings{basili1996packaging,
  title={Packaging researcher experience to assist replication of experiments},
  author={Basili, VR and Green, S and Laitenberger, O and Lanubile, F and Shull, F and Sorumgard, S and Zelkowitz, M},
  booktitle={Proc. of the ISERN meeting 1996},
  year={1996}
}

@article{basili1999building,
  title={Building knowledge through families of experiments},
  author={Basili, Victor R and Shull, Forrest and Lanubile, Filippo},
  journal={IEEE Transactions on Software Engineering},
  volume={25},
  number={4},
  pages={456--473},
  year={1999},
  publisher={IEEE}
}


@article{basili2007protocols, 
  title={Protocols in the use of empirical software engineering artifacts},
  author={Basili, Victor R and Zelkowitz, Marvin V and Sj{\o}berg, Dag IK and Johnson, Philip and Cowling, Anthony J},
  journal={Empirical Software Engineering},
  volume={12},
  number={1},
  pages={107--119},
  year={2007},
  publisher={Springer}
}


@inproceedings{bernardez2004controlled,
  title={A controlled experiment for evaluating a metric-based reading technique for requirements inspection},
  author={Bern{\'a}rdez, Beatriz and Genero, Marcela and Dur{\'a}n, Amador and Toro, Miguel},
  booktitle={Software Metrics, 2004. Proceedings. 10th International Symposium on},
  pages={257--268},
  year={2004},
  organization={IEEE}
}

@inproceedings{bernardez2014controlled,
  title={A controlled experiment to evaluate the effects of mindfulness in software engineering},
  author={Bern{\'a}rdez, Beatriz and Dur{\'a}n, Amador and Parejo, Jos{\'e} A and Ruiz--Cortés, Antonio},
  booktitle={Proceedings of ESEM'14},
  pages={17--27},
  year={2014}
}%organization={ACM}

@article{bernardez-jss-2016,
  title = {An experimental replication on the effect of the practice of mindfulness in conceptual modeling performance},
  author = {Beatriz Bernárdez and Amador Durán and José A. Parejo and Antonio Ruiz-–Cortés},
  journal = {Journal of Systems and Software},
  volume = 136,
  pages = {153--172},
  year = 2018
}

@inproceedings{bezerra2015replication,
  title={Replication of Empirical Studies in Software Engineering: An Update of a Systematic Mapping Study},
  author={Bezerra, Roberta MM and da Silva, Fabio QB and Santana, Anderson M and Magalhaes, Cleyton VC and Santos, Ronnie ES},
  booktitle={Empirical Software Engineering and Measurement (ESEM), 2015 ACM/IEEE International Symposium on},
  pages={1--4},
  year={2015},
  organization={IEEE}
}


%BPMN
@misc{omg20112,
  title={2.0, recommendation},
  author={OMG, BPMN},
  year={2011},
  publisher={OMG}
}

@article{blanco2017psicologia,
  title={Puede la psicolog{\'\i}a rescatarse a s{\'\i} misma? Incentivos, sesgos y replicabilidad},
  author={Blanco, Fernando and Perales López, José César and Vadillo, Miguel A},
  year={2017},
  publisher={Sociedad Valenciana de Psicología}
}

@article{brooks1996replication,
  title={Replication of experimental results in software engineering},
 author={Brooks, Andrew and Daly, John and Miller, James and Roper, Marc and Wood, Murray},
  journal={Technical Report ISERN-96-10, University of Strathclyde},
  year={1996}
}

@MISC{Brooks00replicationof,
    author = {Andrew Brooks and Marc Roper and Murray Wood and John Daly and James Miller},
    title = {Replication of Software Engineering Experiments},
    year = {2000}
}
%Brooks ReplicationRole-2008
@Inbook{Brooks2008,
author="Brooks, A.
and Roper, M.
and Wood, M.
and Daly, J.
and Miller, J.",
editor="Shull, Forrest
and Singer, Janice
and Sj{\o}berg, Dag I. K.",
title="Replication's Role in Software Engineering",
bookTitle="Guide to Advanced Empirical Software Engineering",
year="2008",
publisher="Springer London",
address="London",
pages="365--379",
isbn="978-1-84800-044-5",
doi="10.1007/978-1-84800-044-5_14",
url="http://dx.doi.org/10.1007/978-1-84800-044-5_14"
}
%Es un Mapping
@inproceedings{cartaxo2015mechanisms,
  title={Mechanisms to characterize context of empirical studies in software engineering},
  author={Cartaxo, Bruno and Almeida, Adaulto and Barreiros, Emanoel and Saraiva, Juliana and Ferreira, Waldemar and Soares, S{\'e}rgio},
  booktitle={Experimental Software Engineering Latin American Workshop (ESELAW 2015)},
  pages={1--14},
  year={2015}
}

@inproceedings{carver2003issues, 
  title={Issues in using students in empirical studies in software engineering education},
  author={Carver, Jeffrey and Jaccheri, Letizia and Morasca, Sandro and Shull, Forrest},
  booktitle={Software Metrics Symposium, 2003. Proceedings. Ninth International},
  pages={239--249},
  year={2003},
  organization={IEEE}
}

@inproceedings{carver2010towards,
  title={Towards reporting guidelines for experimental replications: a proposal},
  author={Carver, Jeffrey C},
  booktitle={Proceedings of RESER},
  year={2010}
}
%[Carver-2014]
@misc{carver2014replications,
  title={Replications of software engineering experiments},
  author={Carver, Jeffrey C and Juristo, Natalia and Baldassarre, Maria Teresa and Vegas, Sira},
  year={2014},
  publisher={Springer}
}

@inproceedings{cruz2018,
  title={Una Propuesta para Especificar Cambios de Replicaciones de Experimentos en Ingeniería del Software},
  author={Cruz, Margarita and Bernárdez, Beatriz and Durán, Amador},
  booktitle={Actas de JISBD'18},
  year={2018}
}

@article{cruz2009assessing,
  title={Assessing the understandability of UML statechart diagrams with composite states—A family of empirical studies},
  author={Cruz-Lemus, Jos{\'e} A and Genero, Marcela and Manso, M Esperanza and Morasca, Sandro and Piattini, Mario},
  journal={Empirical Software Engineering},
  volume={14},
  number={6},
  pages={685--719},
  year={2009},
  publisher={Springer}
}


@article{da2014replication,
  title={Replication of empirical studies in software engineering research: a systematic mapping study},
  author={Da Silva, Fabio QB and Suassuna, Marcos and Fran{\c{c}}a, A C{\'e}sar C and Grubb, Alicia M and Gouveia, Tatiana B and Monteiro, Cleviton VF and dos Santos, Igor Ebrahim},
  journal={Empirical Software Engineering},
  volume={19},
  number={3},
  pages={501--557},
  year={2014},
  publisher={Springer}
} 

@inproceedings{daly1994verification,
  title={Verification of Results in Software Maintenance Through External Replication.},
  author={Daly, John W and Brooks, Andrew and Miller, James and Roper, Marc and Wood, Murray},
  booktitle={ICSM},
  pages={50--57},
  year={1994}
}

%Magallaes2015
@article{de2015investigations,
  title={Investigations about replication of empirical studies in software engineering: A systematic mapping study},
  author={de Magalh{\~a}es, Cleyton VC and da Silva, Fabio QB and Santos, Ronnie ES and Suassuna, Marcos},
  journal={Information and Software Technology},
  volume={64},
  pages={76--101},
  year={2015},
  publisher={Elsevier}
}



@inproceedings{del2012defining,
  title={Defining process performance indicators by using templates and patterns},
  author={del-R{\'\i}o-Ortega, Adela and Manuel Resinas and Amador Dur{\'a}n and Ruiz-Cort{\'e}s Antonio},
  booktitle={Proceedings of BPM'12},
  pages={223--228},
  year={2012},
  organization={Springer}
}

@article{del2016using,
  title={Using templates and linguistic patterns to define process performance indicators},
  author={del-R{\'\i}o-Ortega, Adela and Resinas, Manuel and Dur{\'a}n, Amador and Ruiz-Cort{\'e}s, Antonio},
  journal={Enterprise Information Systems},
  volume={10},
  number={2},
  pages={159--192},
  year={2016},
  publisher={Taylor \& Francis}
}

@article{dolado2000medicion,
  title={Medici{\'o}n para la gesti{\'o}n en la ingenier{\'\i}a del software},
  author={Dolado, Jos{\'e} J and Fernandez, Luis and others}
}


@inproceedings{duran1999requirements,
  title={A requirements elicitation approach based in templates and patterns},
  author={Dur{\'a}n Toro, Amador and Bern{\'a}rdez Jim{\'e}nez, Beatriz and Ruiz Cort{\'e}s, Antonio and Toro Bonilla, Miguel},
  bookTitle={Proceedings of WER'99},
  pages={17-29},
  year={1999}
}

@unpublished{upm32845,
           title = {Conceptualizaci{\'o}n e Infraestructura para la Investigaci{\'o}n Experimental en Ingenier{\'i}a del Software},
          school = {ETSI\_Informatica},
          author = {Efrain Rodrigo Fonseca Carrera},
            year = {2014}
}

@phdthesis{espinosa2014gestion,
  title={Gesti{\'o}n de configuraci{\'o}n y l{\'\i}nea de productos para mejorar el proceso experimental en ingenier{\'\i}a del software},
  author={Espinosa Gallardo, Edison Gonzalo},
  year={2014},
  school={ETSI\_Informatica}
}

%Es un mapping
@inproceedings{falcao2015analysis,
  title={An analysis of software engineering experiments using human subjects},
  author={Falcao, Larissa and Ferreira, Waldemar and Borges, Alex and Nepomuceno, Vilmar and Soares, Sergio and Baldassare, Maria Teresa},
  booktitle={Empirical Software Engineering and Measurement (ESEM), 2015 ACM/IEEE International Symposium on},
  pages={1--4},
  year={2015},
  organization={IEEE}
}

@inproceedings{fucci2013replicated,
  title={A replicated experiment on the effectiveness of test-first development},
  author={Fucci, Davide and Turhan, Burak},
  booktitle={Empirical Software Engineering and Measurement, 2013 ACM/IEEE International Symposium on},
  pages={103--112},
  year={2013},
  organization={IEEE}
}

@inproceedings{fucci2016external,
  title={An external replication on the effects of test-driven development using a multi-site blind analysis approach},
  author={Fucci, Davide and Scanniello, Giuseppe and Romano, Simone and Shepperd, Martin and Sigweni, Boyce and Uyaguari, Fernando and Turhan, Burak and Juristo, Natalia and Oivo, Markku},
  booktitle={Proceedings of the 10th ACM/IEEE International Symposium on Empirical Software Engineering and Measurement},
  pages={3},
  year={2016},
  organization={ACM}
}

@inproceedings{gomez2010replications,
  title={Replications types in experimental disciplines},
  author={G{\'o}mez, Omar S and Juristo, Natalia and Vegas, Sira},
  booktitle={Proceedings of ESEM'10},
  year={2010}
}

@article{gomez2014understanding,
  title={Understanding replication of experiments in software engineering: A classification},
  author={G{\'o}mez, Omar S and Juristo, Natalia and Vegas, Sira},
  journal={Information and Software Technology},
  volume={56},
  number={8},
  pages={1033--1048},
  year={2014},
  publisher={Elsevier}
}
%[Jedlitschka, A. and Pfahl]
@inproceedings{jedlitschka2005reporting,
  title={Reporting guidelines for controlled experiments in software engineering},
  author={Jedlitschka, Andreas and Pfahl, Dietmar},
  booktitle={Empirical Software Engineering, 2005. 2005 International Symposium on},
  pages={10--pp},
  year={2005},
  organization={IEEE}
}

@INBOOK{Jedlitschka2008,
  title =        {Guide to Advanced Empirical Software Engineering},
  author=        {Jedlitschka, A. and Ciolkowski, M. and  Pfahl D},
  year =         "2008",
  chapter =      "Reporting experiments in Software Engineering",
  pages =        "201--228",
  publisher=    {Springer Verlag},
  note =         "Eds. Forrest Shull and Janice Singer and Dag I.K. Sjøberg"
}
@incollection{jedlitschka2008reporting,
  title={Reporting experiments in software engineering},
  author={Jedlitschka, Andreas and Ciolkowski, Marcus and Pfahl, Dietmar},
  booktitle={Guide to advanced empirical software engineering},
  pages={201--228},
  year={2008},
  publisher={Springer}
}

%\cite{Jia2016} 
@article{Jia2016,
  title={5W+ 1H pattern: A perspective of systematic mapping studies and a case study on cloud software testing},
  author={Jia, Changjiang and Cai, Yan and Yu, Yuen Tak and Tse, TH},
  journal={Journal of Systems and Software},
  volume={116},
  pages={206--219},
  year={2016},
  publisher={Elsevier}
}
@BOOK{Juristo,
title     = {{Basics of Software Engineering Experimentation}},
author    = {N. Juristo and A. M. Moreno},
publisher = {Kluwer Academic Publishers},
year      = {2001}
}

@incollection{juristo2003functional,
  title={Functional testing, structural testing and code reading: What fault type do they each detect?},
  author={Juristo, Natalia and Vegas, Sira},
  booktitle={Empirical Methods and Studies in Software Engineering},
  pages={208--232},
  year={2003},
  publisher={Springer}
}

@inproceedings{juristo2009using,
  title={Using differences among replications of software engineering experiments to gain knowledge},
  author={Juristo, Natalia and Vegas, Sira},
  booktitle={Proceedings of the 2009 3rd International Symposium on Empirical Software Engineering and Measurement},
  pages={356--366},
  year={2009},
  organization={IEEE Computer Society}
} 
%[Juristo-2011]
@article{juristo2011role,
  title={The role of non-exact replications in software engineering experiments},
  author={Juristo, Natalia and Vegas, Sira},
  journal={Empirical Software Engineering},
  volume={16},
  number={3},
  pages={295--324},
  year={2011},
  publisher={Springer}
} 

@incollection{Juristo2012,
	title={Replication of software engineering experiments},
  author={Juristo, Natalia and G{\'o}mez, Omar S},
  booktitle={Empirical software engineering and verification},
  pages={60--88},
  year={2012},
  publisher={Springer}
}

@inproceedings{juristo2012comparing,
  title={Comparing the effectiveness of equivalence partitioning, branch testing and code reading by stepwise abstraction applied by subjects},
  author={Juristo, Natalia and Vegas, Sira and Solari, Mart{\'\i}n and Abrahao, Silvia and Ramos, Isabel},
  booktitle={Proceedings of International Conference on Software Testing, Verification and Validation},
  pages={330--339},
  year={2012}
}

@book{juristo2013basics,
  title={Basics of software engineering experimentation},
  author={Juristo, Natalia and Moreno, Ana M},
  year={2013},
  publisher={Springer Science \& Business Media}
}

@article{juristo2013process,
  title={A process for managing interaction between experimenters to get useful similar replications},
  author={Juristo, Natalia and Vegas, Sira and Solari, Mart{\'\i}n and Abrah{\~a}o, Silvia and Ramos, Isabel},
  journal={Information and Software Technology},
  volume={55},
  number={2},
  pages={215--225},
  year={2013},
  publisher={Elsevier}
}

@article{KitchenhamPrelim,
title     = {{Preliminary Guidelines for Empirical Research in Software Engineering}},
author    = {B. A. Kitchenham and S. L. Pfleeger and D.C. Hoaglin. and K. E. Emam and J. Rosenberg},
journal   = {IEEE Transactions on Software Engineering},
volume    = {28},
number    = {8},
pages     = {721--734},
month     = {August},
year      = 2002
}
	
@inproceedings{kitchenham2006evaluating,
  title={Evaluating guidelines for empirical software engineering studies},
  author={Kitchenham, Barbara and Al-Khilidar, Hiyam and Babar, Muhammad Ali and Berry, Mike and Cox, Karl and Keung, Jacky and Kurniawati, Felicia and Staples, Mark and Zhang, He and Zhu, Liming},
  booktitle={Proceedings of the 2006 ACM/IEEE international symposium on Empirical software engineering},
  pages={38--47},
  year={2006},
  organization={ACM}
}

@article{kitchenham2008evaluating,
  title={Evaluating guidelines for reporting empirical software engineering studies},
  author={Kitchenham, Barbara and Al-Khilidar, Hiyam and Babar, Muhammed Ali and Berry, Mike and Cox, Karl and Keung, Jacky and Kurniawati, Felicia and Staples, Mark and Zhang, He and Zhu, Liming},
  journal={Empirical Software Engineering},
  volume={13},
  number={1},
  pages={97--121},
  year={2008},
  publisher={Springer}
}

@article{kitchenham2008role,
  title={The role of replications in empirical software engineering—a word of warning},
  author={Kitchenham, Barbara},
  journal={Empirical Software Engineering},
  volume={13},
  number={2},
  pages={219--221},
  year={2008},
  publisher={Springer}
}

@article{kitchenham2009systematic,
  title={Systematic literature reviews in software engineering--a systematic literature review},
  author={Kitchenham, Barbara and Brereton, O Pearl and Budgen, David and Turner, Mark and Bailey, John and Linkman, Stephen},
  journal={Information and software technology},
  volume={51},
  number={1},
  pages={7--15},
  year={2009},
  publisher={Elsevier}
}


@book{kipling2010just,
  title={Just so stories},
  author={Kipling, Rudyard},
  year={2010},
  publisher={Penguin}
}

%Es un mapping
@inproceedings{larsson2014outliers,
  title={Outliers and Replication in Software Engineering},
  author={Larsson, Henrik and Lindqvist, Erik and Torkar, Richard},
  booktitle={Software Engineering Conference (APSEC), 2014 21st Asia-Pacific},
  volume={1},
  pages={207--214},
  year={2014},
  organization={IEEE}
}

@article{lindsay1993design,
  title={The design of replicated studies},
  author={Lindsay, R Murray and Ehrenberg, Andrew SC},
  journal={The American Statistician},
  volume={47},
  number={3},
  pages={217--228},
  year={1993},
  publisher={Taylor \& Francis}
}
@article{lott1996repeatable,
  title={Repeatable software engineering experiments for comparing defect-detection techniques},
  author={Lott, Christopher M and Rombach, H Dieter},
  journal={Empirical Software Engineering},
  volume={1},
  number={3},
  pages={241--277},
  year={1996},
  publisher={Springer}
}

@inproceedings{lung2008difficulty,
  title={On the difficulty of replicating human subjects studies in software engineering},
  author={Lung, Jonathan and Aranda, Jorge and Easterbrook, Steve and Wilson, Gregory},
  booktitle={Proceedings of ICSE'08},
  pages={191--200},
  year={2008},
  organization={IEEE}
}

@inproceedings{magalaes2014investigations,
  title={Investigations about replication of empirical studies in software engineering: preliminary findings from a mapping study},
  author={De Magalh{\~a}es, Cleyton VC and Da Silva, Fabio QB and Santos, Ronnie ES},
  booktitle={Proceedings of the 18th International Conference on Evaluation and Assessment in Software Engineering},
  pages={37--48},
  year={2014},
  organization={ACM}
}


@article{miller2005replicating,
  title={Replicating software engineering experiments: a poisoned chalice or the holy grail},
  author={Miller, James},
  journal={Information and Software Technology},
  volume={47},
  number={4},
  pages={233--244},
  year={2005},
  publisher={Elsevier}
}

@article{montalvillo2016requirement,
  title={Requirement-driven evolution in software product lines: A systematic mapping study},
  author={Montalvillo, Leticia and D{\'\i}az, Oscar},
  journal={Journal of Systems and Software},
  volume={122},
  pages={110--143},
  year={2016},
  publisher={Elsevier}
}

@inproceedings{ParejoExemplar2014,
  title = {EXEMPLAR: An Experimental Information Repository for Software Engineering Research},
	booktitle = {Actas de JISBD{\textquoteright}2014},
	year = {2014},
	pages = {155-159},
	author = {Jos{\'e} Antonio Parejo and S. Segura and P. Fernandez and Antonio Ruiz-Cort{\'e}s}
}

@inproceedings{petersen2008systematic,
  title={Systematic Mapping Studies in Software Engineering.},
  author={Petersen, Kai and Feldt, Robert and Mujtaba, Shahid and Mattsson, Michael},
  booktitle={EASE},
  volume={8},
  pages={68--77},
  year={2008}
}


@article{porter1995comparing,
  title={Comparing detection methods for software requirements inspections: A replicated experiment},
  author={Porter, Adam A and Votta, Lawrence G and Basili, Victor R},
  journal={IEEE Transactions on software Engineering},
  volume={21},
  number={6},
  pages={563--575},
  year={1995},
  publisher={IEEE}
}

@inproceedings{quesada2016empirical,
  title={An Empirical Evaluation of Automated Function Points},
  author={Quesada-L{\'o}pez, Christian and Madrigal, Denisse and Jenkins, Marcelo},
  booktitle={Ibero-American Conference on Software Engineering},
  pages={151--165},
  year={2016}
}

@article{ramac2017lessons,
  title={Lessons learned from a partial replication of an experiment in the context of a software engineering course},
  author={Ramac, R and Turhan, B and Karac, I and Juristo, Natalia and Mandic, V},
  year={2017}
}

@inproceedings{reyes2018statistical,
  title={Statistical errors in software engineering experiments: a preliminary literature review},
  author={Reyes, Rolando P and Dieste, Oscar and Fonseca, Efra{\'\i}n R and Juristo, Natalia},
  booktitle={Proceedings of ICSE},
  pages={1195--1206},
  year={2018}
}

@article{ruiz2005improving,
  title={Improving the automatic procurement of web services using constraint programming},
  author={RUIZ--CORT{\'E}S, ANTONIO and MART{\'I}N--D{\'I}AZ, OCTAVIO and Dur{\'a}n, Amador and Toro, Miguel},
  journal={International Journal of Cooperative Information Systems},
  volume={14},
  number={04},
  pages={439--467},
  year={2005},
  publisher={World Scientific}
}

@article{runeson2014variation,
  title={Variation factors in the design and analysis of replicated controlled experiments},
  author={Runeson, Per and Stefik, Andreas and Andrews, Anneliese},
  journal={Empirical Software Engineering},
  volume={19},
  number={6},
  pages={1781--1808},
  year={2014},
  publisher={Springer}
}

@article{santos2018analyzing,
  title={Analyzing Families of Experiments in SE: A Systematic Mapping Study},
  author={Santos, Adrian and Gomez, Omar and Juristo, Natalia},
  journal={arXiv preprint arXiv:1805.09009},
  year={2018}
}


@article{schneider1992experimental,
  title={An experimental study of fault detection in user requirements documents},
  author={Schneider, G Michael and Martin, Johnny and Tsai, Wei-Tek},
  journal={ACM Transactions on Software Engineering and Methodology (TOSEM)},
  volume={1},
  number={2},
  pages={188--204},
  year={1992},
  publisher={ACM}
}

@inproceedings{segura2017template,
  title={A template-based approach to describing metamorphic relations},
  author={Segura, Sergio and Dur{\'a}n, Amador and Troya, Javier and Cort{\'e}s, Antonio Ruiz},
  booktitle={Proceedings of International Workshop on Metamorphic Testing},
  pages={3--9},
  year={2017}
}


@inproceedings{shull2002replicating,
  title={Replicating software engineering experiments: addressing the tacit knowledge problem},
  author={Shull, Forrest and Basili, Victor and Carver, Jeffrey and Maldonado, Jos{\'e} Carlos and Travassos, Guilherme Horta and Mendon{\c{c}}a, Manoel and Fabbri, Sandra},
  booktitle={Proceedings of EMSE'02},
  pages={7--16},
  year={2002}
}

 
@article{shull2003replicated,
  title={Replicated Studies: Building a Body of Knowledge about Software Reading Techniques},
  author={Shull, Forrest and Carver, Jeffrey and Travassos, Guilherme H and Maldonado, Jose Carlos and Conradi, Reidar and Basili, Victor R},
  journal={Lecture Notes on Empirical Software Engineering},
  volume={12},
  pages={39},
  year={2003},
  publisher={World Scientific}
}

@article{shull2004knowledge,
  title={Knowledge-sharing issues in experimental software engineering},
  author={Shull, Forrest and Mendonc{\c{c}}a, Manoel G and Basili, Victor and Carver, Jeffrey and Maldonado, Jos{\'e} C and Fabbri, Sandra and Travassos, Guilherme Horta and Ferreira, Maria Cristina},
  journal={Empirical Software Engineering},
  volume={9},
  number={1-2},
  pages={111--137},
  year={2004},
  publisher={Springer}
} 
%\cite{shull2008role}[cita Shull-Carver-Juristo RoleReplication]
@article{shull2008role,
  title={The role of replications in empirical software engineering},
  author={Shull, Forrest J and Carver, Jeffrey C and Vegas, Sira and Juristo, Natalia},
  journal={Empirical Software Engineering},
  volume={13},
  number={2},
  pages={211--218},
  year={2008},
  publisher={Springer}
}


%Es un mapping
@inproceedings{siegmund2015views,
  title={Views on internal and external validity in empirical software engineering},
  author={Siegmund, Janet and Siegmund, Norbert and Apel, Sven},
  booktitle={Software Engineering (ICSE), 2015 IEEE/ACM 37th IEEE International Conference on},
  volume={1},
  pages={9--19},
  year={2015},
  organization={IEEE}
}

@article{sjoberg2005survey,
  title={A survey of controlled experiments in software engineering},
  author={Sj{\o}berg, Dag IK and Hannay, Jo Erskine and Hansen, Ove and Kampenes, Vigdis By and Karahasanovic, Amela and Liborg, N-K and Rekdal, Anette C},
  journal={IEEE transactions on software engineering},
  volume={31},
  number={9},
  pages={733--753},
  year={2005}
}
 
@incollection{sjoberg2007knowledge,
  title={Knowledge acquisition in software engineering requires sharing of data and artifacts},
  author={Sj{\o}berg, Dag IK},
  booktitle={Empirical Software Engineering Issues. Critical Assessment and Future Directions},
  pages={77--82},
  year={2007},
  publisher={Springer}
}

@article{toro2000metodologia,
  title={Metodolog{\'\i}a para la elicitaci{\'o}n de requisitos de sistemas software},
  author={Toro, Amador Dur{\'a}n and Jim{\'e}nez, Beatriz Bern{\'a}rdez},
  journal={Informe T{\'e}cnico LSI-2000-10. Facultad de Inform{\'a}tica y Estad{\'\i}stica Universidad de Sevilla},
  year={2000}
}


@inproceedings{solari2013identifying,
  title={Identifying experimental incidents in software engineering replications},
  author={Solari, Martin},
  booktitle={Proceedings of EMSE'2013},
  pages={213--222},
  year={2013},
  organization={IEEE}
}

@article{solari2017content,
  title={Content and Structure of Laboratory Packages for Software Engineering Experiments},
  author={Solari, Mart{\'\i}n and Vegas, Sira and Juristo, Natalia},
  journal={Information and Software Technology},
  year={2017},
  publisher={Elsevier},
	note={In Press}
}

@inproceedings{Toro2002SupportingRV,
  title={Supporting Requirements Verification Using XSLT},
  author={Amador Dur{\'a}n Toro and Antonio Ruiz Cort{\'e}s and Rafael Corchuelo and Miguel Toro},
  booktitle={RE},
  year={2002}
}

@inproceedings{vegas2006analysis,
  title={Analysis of the influence of communication between researchers on experiment replication},
  author={Vegas, Sira and Juristo, Natalia and Moreno, Ana and Solari, Mart{\'\i}n and Letelier, Patricio},
  booktitle={Proceedings of the 2006 ACM/IEEE international symposium on Empirical software engineering},
  pages={28--37},
  year={2006},
  organization={ACM}
}

@book{38631e0608b54d4299d5707f3a78debf,
title = "Design science methodology for information systems and software engineering",
abstract = "Textbook on design science methodology. http://link.springer.com/book/10.1007/978-3-662-43839-8",
keywords = "IS-Design science methodology, EWI-25449, SCS-Services, IR-93356, METIS-309741",
author = "Wieringa, {Roelf J.}",
year = "2014",
isbn = "978-3-662-43838-1",
publisher = "Springer",
}

@book{wohlin:experimentation,
  title={Experimentation in software engineering: an introduction},
  author={Wohlin, Claes and Runeson, Per and Höst, Martin and Ohlsson, Magnus C and Regnell, Björn and Wesslén, Anders},
  year={2012},
  publisher={Springer Publishing Company, Incorporated}
}

